%% This BibTeX bibliography file was created using BibDesk.
%% http://bibdesk.sourceforge.net/

%% Created for Jonathan Goldfarb at 2018-06-12 12:47:06 -0400 


%% Saved with string encoding Unicode (UTF-8) 



@article{abdulla16a,
	Author = {U. G. Abdulla and B. Poggi},
	Date-Added = {2018-04-17 14:37:14 +0000},
	Date-Modified = {2018-04-17 14:37:14 +0000},
	Doi = {10.1007/s00245-017-9472-7},
	Journal = {Applied Mathematics {\&} Optimization},
	Month = {Jan},
	Title = {Optimal Control of the Multiphase {Stefan} Problem},
	Url = {https://arxiv.org/abs/1508.00290},
	Year = {2018},
	Bdsk-File-1 = {YnBsaXN0MDDUAQIDBAUGJCVYJHZlcnNpb25YJG9iamVjdHNZJGFyY2hpdmVyVCR0b3ASAAGGoKgHCBMUFRYaIVUkbnVsbNMJCgsMDxJXTlMua2V5c1pOUy5vYmplY3RzViRjbGFzc6INDoACgAOiEBGABIAFgAdccmVsYXRpdmVQYXRoWWFsaWFzRGF0YV8QVC4uLy4uLy4uL3BhcGVycy9jb252LXBhcGVyL2NpdGUvYWJkdWxsYS1vcHRpbWFsIGNvbnRyb2wgb2YgdGhlIG11bHRpcGhhc2Ugc3RlZmFuLnBkZtIXCxgZV05TLmRhdGFPEQJqAAAAAAJqAAIAAAxNYWNpbnRvc2ggSEQAAAAAAAAAAAAAAAAAAADS0iqzSCsAAAEklp4fYWJkdWxsYS1vcHRpbWFsIGNvbnQjQkJGRkIwLnBkZgAAAAAAAAAAAAAAAAAAAAAAAAAAAAAAAAAAAAAAAAAAALv/sNQf02EAAAAAAAAAAAADAAQAAAkgAAAAAAAAAAAAAAAAAAAABGNpdGUAEAAIAADS0nEDAAAAEQAIAADUIAuhAAAAAQAgASSWngBVaTsADqWvAA6L1gAORWsABPneAAT53QACEsUAAgB1TWFjaW50b3NoIEhEOlVzZXJzOgBqZ29sZGZhcjoARG9jdW1lbnRzOgByZXNlYXJjaDoAb3B0Y29udDoAcGFwZXJzOgBjb252LXBhcGVyOgBjaXRlOgBhYmR1bGxhLW9wdGltYWwgY29udCNCQkZGQjAucGRmAAAOAGoANABhAGIAZAB1AGwAbABhAC0AbwBwAHQAaQBtAGEAbAAgAGMAbwBuAHQAcgBvAGwAIABvAGYAIAB0AGgAZQAgAG0AdQBsAHQAaQBwAGgAYQBzAGUAIABzAHQAZQBmAGEAbgAuAHAAZABmAA8AGgAMAE0AYQBjAGkAbgB0AG8AcwBoACAASABEABIAdVVzZXJzL2pnb2xkZmFyL0RvY3VtZW50cy9yZXNlYXJjaC9vcHRjb250L3BhcGVycy9jb252LXBhcGVyL2NpdGUvYWJkdWxsYS1vcHRpbWFsIGNvbnRyb2wgb2YgdGhlIG11bHRpcGhhc2Ugc3RlZmFuLnBkZgAAEwABLwAAFQACAA///wAAgAbSGxwdHlokY2xhc3NuYW1lWCRjbGFzc2VzXU5TTXV0YWJsZURhdGGjHR8gVk5TRGF0YVhOU09iamVjdNIbHCIjXE5TRGljdGlvbmFyeaIiIF8QD05TS2V5ZWRBcmNoaXZlctEmJ1Ryb290gAEACAARABoAIwAtADIANwBAAEYATQBVAGAAZwBqAGwAbgBxAHMAdQB3AIQAjgDlAOoA8gNgA2IDZwNyA3sDiQONA5QDnQOiA68DsgPEA8cDzAAAAAAAAAIBAAAAAAAAACgAAAAAAAAAAAAAAAAAAAPO},
	Bdsk-Url-1 = {Arxiv:%20https://arxiv.org/abs/1508.00290},
	Bdsk-Url-2 = {https://doi.org/10.1007/s00245-017-9472-7}}

@book{tikhonov63,
	Author = {A. N. Tikhonov and A. A. Samarskii},
	Date-Added = {2018-03-06 21:19:07 +0000},
	Date-Modified = {2018-03-06 21:19:07 +0000},
	Isbn = {0-486-66422-8},
	Publisher = {Dover},
	Title = {Equations of Mathematical Physics},
	Year = {1963},
	Bdsk-File-1 = {YnBsaXN0MDDUAQIDBAUGJCVYJHZlcnNpb25YJG9iamVjdHNZJGFyY2hpdmVyVCR0b3ASAAGGoKgHCBMUFRYaIVUkbnVsbNMJCgsMDxJXTlMua2V5c1pOUy5vYmplY3RzViRjbGFzc6INDoACgAOiEBGABIAFgAdccmVsYXRpdmVQYXRoWWFsaWFzRGF0YV8QTS4uLy4uLy4uLy4uLy4uL2NpdGF0aW9ucy9jaXRlL3Rpa2hvbm92LWVxdWF0aW9ucyBvZiBtYXRoZW1hdGljYWwgcGh5c2ljcy5kanZ10hcLGBlXTlMuZGF0YU8RAhoAAAAAAhoAAgAADE1hY2ludG9zaCBIRAAAAAAAAAAAAAAAAAAAANLSKrNIKwAAAX9sgh90aWtob25vdi1lcXVhdGlvbnMjMUI1M0QwQi5kanZ1AAAAAAAAAAAAAAAAAAAAAAAAAAAAAAAAAAAAAAAAAAABtT0L1sRrDAAAAAAAAAAAAAUAAwAACSAAAAAAAAAAAAAAAAAAAAAEY2l0ZQAQAAgAANLScQMAAAARAAgAANbEsVwAAAABABQBf2yCAA35LwAE+d4ABPndAAISxQACAFlNYWNpbnRvc2ggSEQ6VXNlcnM6AGpnb2xkZmFyOgBEb2N1bWVudHM6AGNpdGF0aW9uczoAY2l0ZToAdGlraG9ub3YtZXF1YXRpb25zIzFCNTNEMEIuZGp2dQAADgBgAC8AdABpAGsAaABvAG4AbwB2AC0AZQBxAHUAYQB0AGkAbwBuAHMAIABvAGYAIABtAGEAdABoAGUAbQBhAHQAaQBjAGEAbAAgAHAAaAB5AHMAaQBjAHMALgBkAGoAdgB1AA8AGgAMAE0AYQBjAGkAbgB0AG8AcwBoACAASABEABIAV1VzZXJzL2pnb2xkZmFyL0RvY3VtZW50cy9jaXRhdGlvbnMvY2l0ZS90aWtob25vdi1lcXVhdGlvbnMgb2YgbWF0aGVtYXRpY2FsIHBoeXNpY3MuZGp2dQAAEwABLwAAFQACAA///wAAgAbSGxwdHlokY2xhc3NuYW1lWCRjbGFzc2VzXU5TTXV0YWJsZURhdGGjHR8gVk5TRGF0YVhOU09iamVjdNIbHCIjXE5TRGljdGlvbmFyeaIiIF8QD05TS2V5ZWRBcmNoaXZlctEmJ1Ryb290gAEACAARABoAIwAtADIANwBAAEYATQBVAGAAZwBqAGwAbgBxAHMAdQB3AIQAjgDeAOMA6wMJAwsDEAMbAyQDMgM2Az0DRgNLA1gDWwNtA3ADdQAAAAAAAAIBAAAAAAAAACgAAAAAAAAAAAAAAAAAAAN3}}

@book{samarskii01,
	Address = {New York, NY},
	Author = {Alexander A. Samarskii},
	Booktitle = {The Theory of Difference Schemes},
	Date-Added = {2015-06-12 13:53:53 +0000},
	Date-Modified = {2015-06-12 13:53:53 +0000},
	Isbn = {0-8247-0468-1},
	Publisher = {Marcel Dekker, Inc},
	Series = {Pure and Applied Mathematics},
	Title = {The Theory of Difference Schemes},
	Year = {2001}}

@article{vasilev63a,
	Author = {F. P. Vasil'ev and A. B. Uspenskii},
	Category = {papers},
	Date-Added = {2015-02-16 04:44:06 +0000},
	Date-Modified = {2015-03-20 17:00:22 +0000},
	Journal = {USSR Computational Mathematics and Mathematical Physics},
	Keywords = {paper-refs},
	Number = {5},
	Pages = {1192--1208},
	Title = {A difference method for the solution of the two-phase {Stefan} problem},
	Volume = {3},
	Year = {1963},
	Bdsk-File-1 = {YnBsaXN0MDDUAQIDBAUGJCVYJHZlcnNpb25YJG9iamVjdHNZJGFyY2hpdmVyVCR0b3ASAAGGoKgHCBMUFRYaIVUkbnVsbNMJCgsMDxJXTlMua2V5c1pOUy5vYmplY3RzViRjbGFzc6INDoACgAOiEBGABIAFgAdccmVsYXRpdmVQYXRoWWFsaWFzRGF0YV8QNS4uLy4uLy4uLy4uLy4uL2dyYWQvZGlzc2VydGF0aW9uL2NpdGUvdmFzaWwnZXY2M2IucGRm0hcLGBlXTlMuZGF0YU8RAb4AAAAAAb4AAgAADE1hY2ludG9zaCBIRAAAAAAAAAAAAAAAAAAAANLSKrNIKwAAAB3pcw92YXNpbCdldjYzYi5wZGYAAAAAAAAAAAAAAAAAAAAAAAAAAAAAAAAAAAAAAAAAAAAAAAAAAAAAAAAAAAAAAAAAHe4nzfx/dwAAAAAAAAAAAAUABAAACSAAAAAAAAAAAAAAAAAAAAAEY2l0ZQAQAAgAANLScQMAAAARAAgAAM38t7cAAAABABgAHelzAA4KpAAN/s0ABPneAAT53QACEsUAAgBSTWFjaW50b3NoIEhEOlVzZXJzOgBqZ29sZGZhcjoARG9jdW1lbnRzOgBncmFkOgBkaXNzZXJ0YXRpb246AGNpdGU6AHZhc2lsJ2V2NjNiLnBkZgAOACAADwB2AGEAcwBpAGwAJwBlAHYANgAzAGIALgBwAGQAZgAPABoADABNAGEAYwBpAG4AdABvAHMAaAAgAEgARAASAD9Vc2Vycy9qZ29sZGZhci9Eb2N1bWVudHMvZ3JhZC9kaXNzZXJ0YXRpb24vY2l0ZS92YXNpbCdldjYzYi5wZGYAABMAAS8AABUAAgAP//8AAIAG0hscHR5aJGNsYXNzbmFtZVgkY2xhc3Nlc11OU011dGFibGVEYXRhox0fIFZOU0RhdGFYTlNPYmplY3TSGxwiI1xOU0RpY3Rpb25hcnmiIiBfEA9OU0tleWVkQXJjaGl2ZXLRJidUcm9vdIABAAgAEQAaACMALQAyADcAQABGAE0AVQBgAGcAagBsAG4AcQBzAHUAdwCEAI4AxgDLANMClQKXApwCpwKwAr4CwgLJAtIC1wLkAucC+QL8AwEAAAAAAAACAQAAAAAAAAAoAAAAAAAAAAAAAAAAAAADAw==}}

@book{friedman83,
	Author = {Avner Friedman},
	Category = {papers},
	Date-Added = {2015-02-16 04:44:00 +0000},
	Date-Modified = {2015-03-20 17:04:21 +0000},
	Publisher = {Robert E. Krieger Publishing Company},
	Title = {Partial Differential Equations of Parabolic Type},
	Year = {1983},
	Bdsk-File-1 = {YnBsaXN0MDDUAQIDBAUGJCVYJHZlcnNpb25YJG9iamVjdHNZJGFyY2hpdmVyVCR0b3ASAAGGoKgHCBMUFRYaIVUkbnVsbNMJCgsMDxJXTlMua2V5c1pOUy5vYmplY3RzViRjbGFzc6INDoACgAOiEBGABIAFgAdccmVsYXRpdmVQYXRoWWFsaWFzRGF0YV8QNS4uLy4uLy4uLy4uLy4uL2dyYWQvZGlzc2VydGF0aW9uL2NpdGUvZnJpZWRtYW44My5kanZ10hcLGBlXTlMuZGF0YU8RAb4AAAAAAb4AAgAADE1hY2ludG9zaCBIRAAAAAAAAAAAAAAAAAAAANLSKrNIKwAAAB3pcw9mcmllZG1hbjgzLmRqdnUAAAAAAAAAAAAAAAAAAAAAAAAAAAAAAAAAAAAAAAAAAAAAAAAAAAAAAAAAAAAAAAAAHetMz88o/gAAAAAAAAAAAAUABAAACSAAAAAAAAAAAAAAAAAAAAAEY2l0ZQAQAAgAANLScQMAAAARAAgAAM/PYT4AAAABABgAHelzAA4KpAAN/s0ABPneAAT53QACEsUAAgBSTWFjaW50b3NoIEhEOlVzZXJzOgBqZ29sZGZhcjoARG9jdW1lbnRzOgBncmFkOgBkaXNzZXJ0YXRpb246AGNpdGU6AGZyaWVkbWFuODMuZGp2dQAOACAADwBmAHIAaQBlAGQAbQBhAG4AOAAzAC4AZABqAHYAdQAPABoADABNAGEAYwBpAG4AdABvAHMAaAAgAEgARAASAD9Vc2Vycy9qZ29sZGZhci9Eb2N1bWVudHMvZ3JhZC9kaXNzZXJ0YXRpb24vY2l0ZS9mcmllZG1hbjgzLmRqdnUAABMAAS8AABUAAgAP//8AAIAG0hscHR5aJGNsYXNzbmFtZVgkY2xhc3Nlc11OU011dGFibGVEYXRhox0fIFZOU0RhdGFYTlNPYmplY3TSGxwiI1xOU0RpY3Rpb25hcnmiIiBfEA9OU0tleWVkQXJjaGl2ZXLRJidUcm9vdIABAAgAEQAaACMALQAyADcAQABGAE0AVQBgAGcAagBsAG4AcQBzAHUAdwCEAI4AxgDLANMClQKXApwCpwKwAr4CwgLJAtIC1wLkAucC+QL8AwEAAAAAAAACAQAAAAAAAAAoAAAAAAAAAAAAAAAAAAADAw==}}

@book{goldman97,
	Address = {Dodrecht},
	Author = {N.L. Gol'dman},
	Booktitle = {N. L. Goldman},
	Date-Added = {2015-02-16 04:44:00 +0000},
	Date-Modified = {2015-02-16 04:44:00 +0000},
	Keywords = {proposal},
	Publisher = {Kluwer Academic Publishers Group},
	Title = {Inverse {Stefan} Problems},
	Year = {1997}}

@book{LSU,
	Address = {Providence, R. I.},
	Author = {O. A. Ladyzhenskaya and V. A. Solonnikov and N. N. Uraltseva},
	Booktitle = {Linear and Quasilinear Equations of Parabolic Type},
	Category = {papers},
	Date-Added = {2015-02-16 04:44:00 +0000},
	Date-Modified = {2016-10-11 20:35:09 +0000},
	Keywords = {conv-traces; proposal},
	Publisher = {American Mathematical Society},
	Series = {Translations of Mathematical Monographs},
	Title = {Linear and Quasilinear Equations of Parabolic Type},
	Volume = {23},
	Year = {1968},
	Bdsk-File-1 = {YnBsaXN0MDDUAQIDBAUGJCVYJHZlcnNpb25YJG9iamVjdHNZJGFyY2hpdmVyVCR0b3ASAAGGoKgHCBMUFRYaIVUkbnVsbNMJCgsMDxJXTlMua2V5c1pOUy5vYmplY3RzViRjbGFzc6INDoACgAOiEBGABIAFgAdccmVsYXRpdmVQYXRoWWFsaWFzRGF0YV8QOi4uLy4uLy4uLy4uLy4uL2dyYWQvZGlzc2VydGF0aW9uL2NpdGUvbGFkeXpoZW5za2F5YTY4LmRqdnXSFwsYGVdOUy5kYXRhTxEB0gAAAAAB0gACAAAMTWFjaW50b3NoIEhEAAAAAAAAAAAAAAAAAAAA0tIqs0grAAAAHelzFGxhZHl6aGVuc2theWE2OC5kanZ1AAAAAAAAAAAAAAAAAAAAAAAAAAAAAAAAAAAAAAAAAAAAAAAAAAAAAAAAAAAd66PPK4cuAAAAAAAAAAAABQAEAAAJIAAAAAAAAAAAAAAAAAAAAARjaXRlABAACAAA0tJxAwAAABEACAAAzyvNfgAAAAEAGAAd6XMADgqkAA3+zQAE+d4ABPndAAISxQACAFdNYWNpbnRvc2ggSEQ6VXNlcnM6AGpnb2xkZmFyOgBEb2N1bWVudHM6AGdyYWQ6AGRpc3NlcnRhdGlvbjoAY2l0ZToAbGFkeXpoZW5za2F5YTY4LmRqdnUAAA4AKgAUAGwAYQBkAHkAegBoAGUAbgBzAGsAYQB5AGEANgA4AC4AZABqAHYAdQAPABoADABNAGEAYwBpAG4AdABvAHMAaAAgAEgARAASAERVc2Vycy9qZ29sZGZhci9Eb2N1bWVudHMvZ3JhZC9kaXNzZXJ0YXRpb24vY2l0ZS9sYWR5emhlbnNrYXlhNjguZGp2dQATAAEvAAAVAAIAD///AACABtIbHB0eWiRjbGFzc25hbWVYJGNsYXNzZXNdTlNNdXRhYmxlRGF0YaMdHyBWTlNEYXRhWE5TT2JqZWN00hscIiNcTlNEaWN0aW9uYXJ5oiIgXxAPTlNLZXllZEFyY2hpdmVy0SYnVHJvb3SAAQAIABEAGgAjAC0AMgA3AEAARgBNAFUAYABnAGoAbABuAHEAcwB1AHcAhACOAMsA0ADYAq4CsAK1AsACyQLXAtsC4gLrAvAC/QMAAxIDFQMaAAAAAAAAAgEAAAAAAAAAKAAAAAAAAAAAAAAAAAAAAxw=}}

@book{lions72,
	Author = {J.L. Lions},
	Date-Added = {2015-02-16 04:44:00 +0000},
	Date-Modified = {2015-02-16 04:44:00 +0000},
	Keywords = {proposal},
	Publisher = {Springer-Verlag},
	Title = {Optimal Control of Systems Governed by Partial Differential Equations},
	Year = {1972}}

@article{lobanova06,
	Author = {V.V. Lobanova},
	Date-Added = {2015-02-16 04:44:00 +0000},
	Date-Modified = {2015-02-16 04:44:00 +0000},
	Journal = {Mat. ZH.},
	Keywords = {proposal},
	Pages = {76--84},
	Title = {Solution of an inverse {Stefan} Problem with a linear moving boundary},
	Volume = {2},
	Year = {2006}}
